@article{demaine2002,
  title={Cache-oblivious algorithms and data structures},
  author={Demaine, Erik D},
  journal={Lecture Notes from the EEF Summer School on Massive Data Sets},
  volume={8},
  number={4},
  pages={1--249},
  year={2002}
}
@phdthesis{prokop1999,
  title={Cache-oblivious algorithms},
  author={Prokop, Harald},
  year={1999},
  school={Massachusetts Institute of Technology}
}
@inproceedings{frigo1999,
  title={Cache-oblivious algorithms},
  author={Frigo, Matteo and Leiserson, Charles E and Prokop, Harald and Ramachandran, Sridhar},
  booktitle={Foundations of Computer Science, 1999. 40th Annual Symposium on},
  pages={285--297},
  year={1999},
  organization={IEEE}
}
