@BOOK{CormenLeisersonRivestStein200107,
title={Introduction to Algorithms, Second Edition},
author={Thomas H Cormen and Charles E Leiserson and Ronald L Rivest and Clifford Stein},
publisher={McGraw-Hill Science/Engineering/Math},
year={2001},
month={7},
edition={2},
isbn={9780070131514},
url={http://amazon.com/o/ASIN/0070131511/},
totalpages={1056},
timestamp={2015.11.01},
}